@inproceedings{Waldspurger:1994:LSF:1267638.1267639,
 author = {Waldspurger, Carl A. and Weihl, William E.},
 title = {Lottery Scheduling:
  Flexible Proportional-share Resource Management},
 booktitle = {Proceedings of the 1st USENIX Conference
  on Operating Systems Design and Implementation},
 series = {OSDI '94},
 year = {1994},
 location = {Monterey, California},
 articleno = {1},
 url = {http://dl.acm.org/citation.cfm?id=1267638.1267639},
 acmid = {1267639},
 publisher = {USENIX Association},
 address = {Berkeley, CA, USA},
}
